@misc{SelbyNN,
	author = {David Selby},
	title = {Building a neural Network from scratch in R},
	date = {09. Januar 2018},
	url = {https://selbydavid.com/2018/01/09/neural-network/},
	language = {Englisch},
	urldate = {28. Mai 2018},
	note = {Schritt für Schritt Erklärung von NN's + Codebeispiele in R ohne Package}
}

@misc{BiasTypes,
	title={B wie Bias},
	author= {Stella Pfeifer},
	date= {8. Mai 2018},
	language={Deutsch},
	urldate={28. Mai 2018},
	url={https://blog.eoda.de/2018/05/08/b-wie-bias/#more-4991}
}

@misc{DennyNN,
	author = {Denny Britz},
	title = {Building a neural Network from scratch},
	date = {03. September 2015},
	url = {http://www.wildml.com/2015/09/implementing-a-neural-network-from-scratch/},
	language = {Englisch},
	urldate = {28. Mai 2018},
	note = {Erstellung eines NN mit Python Schritt für Schritt - benutzt als Quelle bei Selby NN}
}
